<?xml version="1.0" encoding="UTF-8"?><collection xmlns="http://www.loc.gov/MARC21/slim"><record><leader>00458nam--2200145-i-4500</leader><controlfield tag="001">000011579</controlfield><controlfield tag="002">20161230</controlfield><controlfield tag="005">20170211150945</controlfield><controlfield tag="008">060222s1000------------r-----000-0-eng-d</controlfield><datafield ind1=" " ind2=" " tag="245"><subfield code="a">Codul penal al r.s.r., comentat si adnotat. Partea speciala. Prefata de Emil Nicolcioiu, Ministrul Justitiei</subfield></datafield><datafield ind1=" " ind2=" " tag="260"><subfield code="a">Bucuresti</subfield><subfield code="b">Editura Stiintifica Si Enciclopedica</subfield><subfield code="c">1975</subfield></datafield><datafield ind1=" " ind2=" " tag="300"><subfield code="a">579 p</subfield></datafield><datafield ind1=" " ind2=" " tag="700"><subfield code="a">Ramureanu, Virgil</subfield></datafield><datafield ind1=" " ind2=" " tag="852"><subfield code="a">343</subfield></datafield><datafield ind1=" " ind2=" " tag="CAT"><subfield code="a">SYS</subfield><subfield code="c">20170211</subfield><subfield code="h">150945</subfield></datafield></record></collection>